=LDR  03073 am a22005893  4500
=001  018439878
=003  Uk
=005  20170726020136.0
=007  cr\mn\024mpada
=008  900309|1811|||||||\\\\|s\\\\\|||\||eng\\
=FMT  \\$a  BK
=019  x\$a2992130028
=040  \\$aUk$cUk
=100  1\$aShakespeare, William,$d1564-1616.
=240  10$aWorks
=245  14$aThe Plays of William Shakspeare, accurately printed from the text of the corrected copy by the late George Steevens ... With glossarial notes. A new edition. (Mr Rowe's account of the life and writings of Shakespear is prefixed; and also Dr. Johnson's preface to his edition of Shakspeare.) [The preface signed: W. H., i.e. W. Harvey?] .
=264  \1$aLondon :$bJ. Nichols & Son,$c1811.
=300  \\$a10 volumes ;$c(12º)
=336  \\$atext$2rdacontent
=337  \\$acomputer$2rdamedia
=338  \\$aonline$2rdacarrier
=340  \\$m12mo$2rdabf
=700  1\$aH., W.
=700  1\$aHarvey, W.
=700  1\$aJohnson, Samuel,$d1709-1784.$tTranslations, Prefaces, etc.
=886  2\$2blmarc$a709$b00$aH.$hW.$p1506/637.$x1362630187
=886  2\$2blmarc$a709$b00$aHARVEY$hW.$p1506/637.$x1412910048$x1412910048
=886  2\$2blmarc$a709$b00$aJOHNSON$hSamuel$fLL.D.$tTranslations, Prefaces, etc.$p1506/637.$x1670970108
=859  \\$aXLD$bGOGLEBOOKS
=859  \\$aXLD$bGOOGLEBOOKS
=852  4\$cDRT$jDigital Store 1506/637.$aBritish Library$bHMNTS
=985  \\$aCorrected by BSS-generated file for WR# 11/211
=985  \\$aCorrected by MS generated file for WR# 1805-0738
=CAT  \\$aBATCH-DCW$b00$c20170726$lBLL01$h0201
=CAT  \\$aBATCH-DCW$b00$c20170727$lBLL01$h0216
=CAT  \\$aBATCH-DCW$b00$c20170727$lBLL01$h1047
=CAT  \\$aBATCH-DCW$b00$c20170728$lBLL01$h0213
=CAT  \\$aBATCH-DCW$b00$c20170811$lBLL01$h1335
=CAT  \\$aR1710-0956$b00$c20171120$lBLL01$h1721
=CAT  \\$a1805-0738$c20190111$lBLL01$h1803
=CAT  \\$a1805-0738$b00$c20190111$lBLL01$h1825
=FIN  \\$aY$d20170726
=LKR  \\$aPAR$lBLL01$r776$b003349894$mThe Plays of William Shakspeare, accurately printed from the text of the corrected copy by the late George Steevens ... With glossarial notes. A new edition. (Mr Rowe's account of the life and writings of Shakespear is prefixed; and also Dr. Johnson's preface to his edition of Shakspeare.) [The preface signed: W. H., i.e. W. Harvey?] .$nThe Plays of William Shakspeare, accurately printed from the text of the corrected copy by the late George Steevens ... With glossarial notes. A new edition. (Mr Rowe's account of the life and writings of Shakespear is prefixed; and also Dr. Johnson's preface to his edition of Shakspeare.) [The preface signed: W. H., i.e. W. Harvey?] .
=DGM  \\$a003349894$bCatBridge variable field
=DRT  \\$aGOGLEBOOKS
=DRT  \\$aGOOGLEBOOKS
=SRC  \\$aGOGLEBOOKS$bGoogleBooks_20170726
=SRC  \\$aGOOGLEBOOKS$bGoogleBooks_20170725
=SRC  \\$aGOOGLEBOOKS$bGoogleBooks_20170726
=SRC  \\$aGOOGLEBOOKS$bGoogleBooks_20170727
=OHC  \\$a1
=LAS  \\$a1805-0738$b00$c20190111$lBLL01$h1825

