=LDR  02706 am a22005653  4500
=001  018439886
=003  Uk
=005  20190614191334.0
=007  cr\mn\024mpada
=008  960626|1796|||||||\\\\|s\\\\\|||\||ger\\
=FMT  \\$a  BK
=019  x\$a3091760219
=040  \\$aUk$cUk
=100  1\$aSpalart, Robert von.
=245  10$aVersuch über das Kostum. Abtheilung 1. über das Kostum der Völker des Alterthums.-Abtheilung 2. Kostum der vorzüglichsten Völker des Mittelalters. (Bearbeitet von R. v. Spalart und fortgesetzt von J. Kaiserer. Herausgegeben von I. Albrecht.).
=264  \1$aWien,$c1796-1811.
=300  \\$a8 Thle ;$c(8º)
=336  \\$atext$2rdacontent
=337  \\$acomputer$2rdamedia
=338  \\$aonline$2rdacarrier
=340  \\$m8vo$2rdabf
=700  1\$aKAISERER, Jacob.
=886  2\$2blmarc$a709$b00$aKAISERER$hJacob$p810.h.1.$x1701590166
=859  \\$aXLD$bGOGLEBOOKS
=859  \\$aXLD$bGOOGLEBOOKS
=883  0\$aLanguage codes assigned by Bayesian analysis of words present in record$d20181024$qUk$c0.997
=852  4\$cDRT$jDigital Store 810.h.1-7.$aBritish Library$bHMNTS
=985  \\$aCorrected by BSS-generated file for WR# 11/211
=985  \\$aCorrected by MS generated file for WR# 1805-0738
=CAT  \\$aBATCH-DCW$b00$c20170726$lBLL01$h0201
=CAT  \\$aBATCH-UPD$b00$c20170726$lBLL01$h0202
=CAT  \\$aBATCH-DCW$b00$c20170727$lBLL01$h0216
=CAT  \\$aBATCH-DCW$b00$c20170727$lBLL01$h1047
=CAT  \\$aBATCH-DCW$b00$c20170728$lBLL01$h0213
=CAT  \\$aBATCH-DCW$b00$c20170811$lBLL01$h1335
=CAT  \\$aR1710-0956$b00$c20171120$lBLL01$h1721
=CAT  \\$a1805-0738$c20190111$lBLL01$h1803
=CAT  \\$a1805-0738$b00$c20190111$lBLL01$h1825
=CAT  \\$aW1903-1550$b00$c20190614$lBLL01$h1913
=FIN  \\$aY$d20170726
=LKR  \\$aPAR$lBLL01$r776$b003455360$mVersuch über das Kostum. Abtheilung 1. über das Kostum der Völker des Alterthums.-Abtheilung 2. Kostum der vorzüglichsten Völker des Mittelalters. (Bearbeitet von R. v. Spalart und fortgesetzt von J. Kaiserer. Herausgegeben von I. Albrecht.).$nVersuch über das Kostum. Abtheilung 1. über das Kostum der Völker des Alterthums.-Abtheilung 2. Kostum der vorzüglichsten Völker des Mittelalters. (Bearbeitet von R. v. Spalart und fortgesetzt von J. Kaiserer. Herausgegeben von I. Albrecht.).
=DGM  \\$a003455360$bCatBridge variable field
=DRT  \\$aGOGLEBOOKS
=DRT  \\$aGOOGLEBOOKS
=SRC  \\$aGOGLEBOOKS$bGoogleBooks_20170726
=SRC  \\$aGOOGLEBOOKS$bGoogleBooks_20170725
=SRC  \\$aGOOGLEBOOKS$bGoogleBooks_20170726
=SRC  \\$aGOOGLEBOOKS$bGoogleBooks_20170727
=OHC  \\$a1
=LAS  \\$aW1903-1550$b00$c20190614$lBLL01$h1913

